@article{murata1989petri,
  author={Murata, Tadao},
  title={Petri nets: Properties, analysis and applications},
  journal={Proceedings of the IEEE},
  volume={77},
  number={4}
}
@misc{AbsoluteZero,
  title={AbsoluteZero},
  howpublished={\url{docs/pdf/AbsoluteZero.pdf}},
  note={PDF document}
}
@misc{AnAbstractMachineForSymbolicComputation,
  title={An Abstract Machine For Symbolic Computation},
  howpublished={\url{docs/pdf/AnAbstractMachineForSymbolicComputation.pdf}},
  note={PDF document}
}
@article{cybenko1989approximation,
  title={Approximation by superpositions of a sigmoidal function},
  author={Cybenko, George},
  journal={Mathematics of Control, Signals and Systems},
  volume={2},
  number={4},
  pages={303--314},
  year={1989},
  publisher={Springer}
}
@incollection{baldwin2009architecture,
  title={The architecture of platforms: A unified view},
  author={Baldwin, Carliss Y and Woodard, C Jason},
  booktitle={Platforms, markets and innovation},
  pages={19--44},
  year={2009},
  publisher={Edward Elgar Publishing}
}
@inproceedings{vaswani2017attention,
  title={Attention is all you need},
  author={Vaswani, Ashish and Shazeer, Noam and Parmar, Niki and Uszkoreit, Jakob and Jones, Llion and Gomez, Aidan N and Kaiser, Lukasz and Polosukhin, Illia},
  booktitle={Advances in neural information processing systems},
  volume={30},
  year={2017}
}
@book{bryant2003computer,
  title={Computer Systems: A Programmer's Perspective},
  author={Bryant, Randal E and O'Hallaron, David R},
  year={2003},
  publisher={Prentice Hall}
}
@article{miller1956magical,
  title={The magical number seven, plus or minus two: Some limits on our capacity for processing information},
  author={Miller, George A},
  journal={Psychological review},
  volume={63},
  number={2},
  pages={81},
  year={1956},
  publisher={American Psychological Association}
}
@misc{ApproximationSuperpositionsSigmoidal1989,
  title={ApproximationSuperpositionsSigmoidal1989},
  howpublished={\url{docs/pdf/ApproximationSuperpositionsSigmoidal1989.pdf}},
  note={PDF document}
}
@misc{ArchitectureOfPlatformsAUnifiedView,
  title={Architecture Of Platforms: A Unified View},
  howpublished={\url{docs/pdf/ArchitectureOfPlatforms_A_UnifiedView.pdf}},
  note={PDF document}
}
@misc{FlowChartAddition,
  title={Flow Chart Addition},
  howpublished={\url{docs/pdf/Flow Chart Addition.pdf}},
  note={PDF document}
}
@misc{FlowChartDivision,
  title={Flow Chart Division},
  howpublished={\url{docs/pdf/Flow Chart Division.pdf}},
  note={PDF document}
}
@misc{FlowChartMultiplication,
  title={Flow Chart Multiplication},
  howpublished={\url{docs/pdf/Flow Chart Multiplication.pdf}},
  note={PDF document}
}
@misc{FlowChartSubtraction,
  title={Flow Chart Subtraction},
  howpublished={\url{docs/pdf/Flow Chart Subtraction.pdf}},
  note={PDF document}
}
@misc{GASingArithmatika,
  title={GASing Arithmatika},
  howpublished={\url{docs/pdf/GASing Arithmatika.pdf}},
  note={PDF document}
}
@misc{MathFoundationForDISCOMeaning,
  title={Math Foundation For DISCO Meaning},
  howpublished={\url{docs/pdf/MathFoundationForDISCO_Meaning.pdf}},
  note={PDF document}
}
@misc{MultiplicationOfMultidigitNumbersOnAutomata,
  title={Multiplication Of Multidigit Numbers On Automata},
  howpublished={\url{docs/pdf/MultiplicationOfMultidigitNumbersOnAutomata.pdf}},
  note={PDF document}
}
@misc{Overheu1966AbstractMachine,
  title={Overheu - 1966 - An Abstract Machine for Symbolic Computation},
  howpublished={\url{docs/pdf/Overheu - 1966 - An Abstract Machine for Symbolic Computation.pdf}},
  note={PDF document}
}
@misc{PaperAritmatika,
  title={Paper Aritmatika},
  howpublished={\url{docs/pdf/Paper Aritmatika.pdf}},
  note={PDF document}
}
@inproceedings{lu2022frozen,
  title={Frozen pretrained transformers as universal computation engines},
  author={Lu, Kevin and Grover, Aditya and Abbeel, Pieter and Mordatch, Igor},
  booktitle={Proceedings of the AAAI Conference on Artificial Intelligence},
  volume={36},
  number={7},
  pages={7628--7636},
  year={2022}
}
@article{coecke2010quantum,
  title={Quantum algorithms for compositional natural language processing},
  author={Coecke, Bob and others},
  journal={arXiv preprint arXiv:1006.3532},
  year={2010}
}
@book{Eglash1999AfricanFractals,
  title={African Fractals: Modern Computing and Indigenous Design},
  author={Eglash, Ron},
  year={1999},
  publisher={Rutgers University Press},
  address={New Brunswick, NJ}
}

@book{SitungkirSurya2009FisikaBatik,
  title={Fisika Batik: Implementasi Kreatif Melalui Sifat Fraktal pada Batik Secara Komputasional},
  author={Situngkir, Hokky and Surya, Yohanes},
  year={2009},
  publisher={PT Gramedia Pustaka Utama},
  address={Jakarta, Indonesia}
}

@article{Koo2009AlgebraOfSystems,
  title={Algebra of Systems: A Metalanguage for Model Synthesis and Evaluation},
  author={Koo, Benjamin H.Y. and Simmons, Willard L. and Crawley, Edward F.},
  journal={IEEE Transactions on Systems, Man, and Cybernetics, Part A: Systems and Humans},
  volume={39},
  number={3},
  pages={501--513},
  year={2009},
  publisher={IEEE},
  doi={10.1109/TSMCA.2009.2014558}
}

@phdthesis{Koo2007MetaLanguage,
  title={A Meta-Language for Systems Architecting},
  author={Koo, Benjamin Hsueh-Yung},
  year={2007},
  school={Massachusetts Institute of Technology},
  address={Cambridge, MA, USA},
  url={https://dspace.mit.edu/handle/1721.1/41831}
}

@misc{WREDACCodingManualTRD39Overheu,
  title={WREDAC Coding Manual TRD39 Overheu},
  howpublished={\url{docs/pdf/WREDAC-Coding-Manual-TRD39-Overheu.pdf}},
  note={PDF document}
}
@book{dehaene2011number,
  title={The number sense: How the mind creates mathematics},
  author={Dehaene, Stanislas},
  year={2011},
  publisher={OUP USA}
}
@misc{mov,
  title={mov},
  howpublished={\url{docs/pdf/mov.pdf}},
  note={PDF document}
}
@misc{the_number_sense,
  title={the-number-sense-how-the-mind-creates-mathematics},
  howpublished={\url{docs/pdf/the-number-sense-how-the-mind-creates-mathematics.pdf}},
  note={PDF document}
}
@book{bryant2015computer,
  title={Computer Systems: A Programmer's Perspective},
  author={Bryant, Randal E and O'Hallaron, David R},
  year={2015},
  publisher={Pearson}
}
